@unpublished{ling:strings,
  author = {Ling Lin},
  note = {Lecture Notes},
  title = {Introduction to String Theory},
  year = {2024}
}

@book{polchisnki:strings,
  author = {Joseph Polchinski},
  publisher = {Cambridge University Press},
  title = {String Theory},
  year = {1998},
  volume = {1}
}

@book{ibanez:strings,
  author = {Luis E. Ibáñez and Angel M. Uranga},
  publisher = {Cambridge University Press},
  title = {String Theory and Particle Physics},
  year = {2012}
}

@book{grana:strings,
  author = {Mariana Graña},
  publisher = {Springer Cham},
  title = {String Theory Compactifications},
  year = {2017}
}
